<?xml version="1.0" encoding="UTF-8"?><collection xmlns="http://www.loc.gov/MARC21/slim"><record><leader>00298nam--2200121-i-4500</leader><controlfield tag="001">000036831</controlfield><controlfield tag="002">20161230</controlfield><controlfield tag="005">20161230201041</controlfield><controlfield tag="008">060222s1000------------r-----000-0-eng-d</controlfield><datafield ind1=" " ind2=" " tag="100"><subfield code="a">Pohl, Erwin</subfield></datafield><datafield ind1=" " ind2=" " tag="245"><subfield code="a">Kerntechnik im bauwesen</subfield></datafield><datafield ind1=" " ind2=" " tag="260"><subfield code="a">Berlin, Veb Verlag Fur Bauwesen, 1964, 216p</subfield></datafield><datafield ind1=" " ind2=" " tag="852"><subfield code="a">9741</subfield></datafield></record></collection>